@article{1968_Dijkstra,
 author = {Dijkstra, Edsger W.},
 title = {{GO TO} Statement Considered Harmful},
 journal = {Commun. ACM},
 issue_date = {March 1968},
 volume = {11},
 number = {3},
 year = {1968},
 issn = {0001-0782},
 pages = {147--148},
 numpages = {2},
 url = {http://doi.org/10.1145/362929.362947},
 doi = {10.1145/362929.362947},
 acmid = {362947},
 publisher = {ACM},
 address = {New York, NY, USA},
 keywords = {alternative clause, branch instruction, conditional clause, go to statement, jump instruction, program intelligibility, program sequencing, repetitive clause},
}

@misc{1987_Dijkstra,
 author = {Dijkstra, Edsger W.},
 title = {On a somewhat disappointing correspondence},
 year = {1987},
 url = {http://www.cs.utexas.edu/users/EWD/ewd10xx/EWD1009.PDF},
}

@article{1972_Knuth,
  title={Notes on avoiding ‘go to’ statements},
  author={Knuth, Donald E and Floyd, Robert W},
  journal={Information processing letters},
  volume={1},
  number={4},
  pages={177},
  year={1972},
  publisher={Elsevier},
  url = {http://doi.org/10.1016/0020-0190(71)90018-4},
}

@article{1974_Knuth,
 author = {Knuth, Donald E.},
 title = {Structured Programming with {\bf go to} Statements},
 journal = {ACM Comput. Surv.},
 issue_date = {Dec. 1974},
 volume = {6},
 number = {4},
 year = {1974},
 issn = {0360-0300},
 pages = {261--301},
 numpages = {41},
 url = {http://doi.org/10.1145/356635.356640},
 doi = {10.1145/356635.356640},
 acmid = {356640},
 publisher = {ACM},
 address = {New York, NY, USA},
}

@article{1987_Rubin,
 author = {Frank Rubin},
 title = {“{GOTO} Considered Harmful” Considered Harmful},
 journal = {Commun. ACM},
 issue_date = {March 1987},
 volume = {30},
 number = {3},
 year = {1987},
 issn = {0001-0782},
 pages = {195--196},
 numpages = {2},
 url = {http://doi.org/10.1145/214748.315722},
 doi = {10.1145/214748.315722},
 acmid = {315722},
 publisher = {ACM},
 address = {New York, NY, USA},
}

@article{1987_Moore,
 author = {Donald Moore and Chuck Musciano and Michael J. Liebhaber},
 title = {“‘{GOTO} Considered Harmful’ Considered Harmful” Considered Harmful?},
 journal = {Commun. ACM},
 issue_date = {May 1987},
 volume = {30},
 number = {5},
 year = {1987},
 issn = {0001-0782},
 pages = {350--355},
 numpages = {6},
 url = {http://doi.org/10.1145/22899.315729},
 doi = {10.1145/22899.315729},
 acmid = {315729},
 publisher = {ACM},
 address = {New York, NY, USA},
}
